@article{Marty2017,
author = {Marty, Christoph and Schl{\"{o}}gl, Sebastian and Bavay, Mathias and Lehning, Michael},
doi = {10.5194/tc-11-517-2017},
issn = {1994-0424},
journal = {The Cryosphere},
month = {feb},
number = {1},
pages = {1--37},
publisher = {Copernicus GmbH},
title = {{How much can we save ? Impact of different emission scenarios on future snow cover in the Alps .}},
volume = {1999},
year = {2017}
}
@article{Cullmann2011,
author = {Cullmann, Johannes and Krausse, Thomas and Saile, Phillip},
doi = {10.1016/j.jhydrol.2011.05.003},
issn = {00221694},
journal = {Journal of Hydrology},
number = {3-4},
pages = {323--331},
publisher = {Elsevier B.V.},
title = {{Parameterising hydrological models - Comparing optimisation and robust parameter estimation}},
volume = {404},
year = {2011}
}
@article{Brunner2019,
author = {Brunner, Manuela I. and Zappa, Massimiliano and St{\"{a}}hli, Manfred},
doi = {10.1016/j.advwatres.2018.11.013},
issn = {03091708},
journal = {Advances in Water Resources},
number = {September 2018},
pages = {134--144},
publisher = {Elsevier Ltd},
title = {{Scale matters: Effects of temporal and spatial data resolution on water scarcity assessments}},
volume = {123},
year = {2019}
}
@article{Anghileri2018,
author = {Anghileri, D. and Botter, M. and Castelletti, A. and Weigt, H. and Burlando, P.},
doi = {10.1029/2017WR022289},
issn = {19447973},
journal = {Water Resources Research},
number = {11},
pages = {9144--9161},
title = {{A Comparative Assessment of the Impact of Climate Change and Energy Policies on Alpine Hydropower}},
volume = {54},
year = {2018}
}
@article{Jaun2009,
author = {Jaun, S. and Ahrens, B.},
doi = {10.5194/hess-13-1031-2009},
issn = {1607-7938},
journal = {Hydrology and Earth System Sciences},
month = {jul},
number = {7},
pages = {1031--1043},
title = {{Evaluation of a probabilistic hydrometeorological forecast system}},
volume = {13},
year = {2009}
}
@article{Rossler2014,
author = {R{\"{o}}ssler, O. and Froidevaux, P. and B{\"{o}}rst, U. and Rickli, R. and Martius, O. and Weingartner, R.},
doi = {10.5194/hess-18-2265-2014},
isbn = {1822652014},
issn = {16077938},
journal = {Hydrology and Earth System Sciences},
number = {6},
pages = {2265--2285},
title = {{Retrospective analysis of a nonforecasted rain-on-snow flood in the Alps-A matter of model limitations or unpredictable nature?}},
volume = {18},
year = {2014}
}
@article{GironsLopez2016,
author = {{Girons Lopez}, Marc and Seibert, Jan},
doi = {10.1016/j.jhydrol.2016.08.026},
issn = {00221694},
journal = {Journal of Hydrology},
pages = {1212--1220},
publisher = {Elsevier B.V.},
title = {{Influence of hydro-meteorological data spatial aggregation on streamflow modelling}},
volume = {541},
year = {2016}
}
@article{Monhart2019,
author = {Monhart, Samuel and Zappa, Massimiliano and Spirig, Christoph and Sch{\"{a}}r, Christoph and Bogner, Konrad},
doi = {10.5194/hess-23-493-2019},
issn = {16077938},
journal = {Hydrology and Earth System Sciences},
number = {1},
pages = {493--513},
title = {{Subseasonal hydrometeorological ensemble predictions in small- and medium-sized mountainous catchments: Benefits of the NWP approach}},
volume = {23},
year = {2019}
}
@article{Junghans2011,
author = {Junghans, Nadine and Cullmann, Johannes and Huss, Matthias},
doi = {10.1080/02626667.2011.595372},
issn = {02626667},
journal = {Hydrological Sciences Journal},
number = {6},
pages = {981--993},
title = {{Evaluating the effect of snow and ice melt in an Alpine headwater catchment and further downstream in the River Rhine}},
volume = {56},
year = {2011}
}
@article{Zeimetz2018,
author = {Zeimetz, Fr{\"{a}}nz and Schaefli, Bettina and Artigue, Guillaume and Hern{\'{a}}ndez, Javier Garc{\'{i}}a and Schleiss, Anton J.},
doi = {10.1007/s11269-018-1948-y},
issn = {15731650},
journal = {Water Resources Management},
number = {8},
pages = {2625--2638},
publisher = {Water Resources Management},
title = {{Swiss Rainfall Mass Curves and their Influence on Extreme Flood Simulation}},
volume = {32},
year = {2018}
}
@article{Viviroli2015,
author = {Viviroli, Daniel and Seibert, Jan},
doi = {10.1016/j.jhydrol.2015.07.009},
issn = {00221694},
journal = {Journal of Hydrology},
number = {P1},
pages = {49--61},
publisher = {Elsevier B.V.},
title = {{Can a regionalized model parameterisation be improved with a limited number of runoff measurements?}},
volume = {529},
year = {2015}
}
@article{Zeimetz2018a,
author = {Zeimetz, Fr{\"{a}}nz and Schaefli, Bettina and Artigue, Guillaume and Hern{\'{a}}ndez, Javier Garc{\'{i}}a and Schleiss, Anton J.},
doi = {10.1061/(ASCE)HE.1943-5584.0001652},
issn = {10840699},
journal = {Journal of Hydrologic Engineering},
number = {8},
pages = {1--9},
title = {{New approach to identifying critical initial conditions for extreme flood simulations in a semicontinuous simulation framework}},
volume = {23},
year = {2018}
}
@article{Meyer2018a,
author = {Meyer, Judith and Kohn, Irene and Stahl, Kerstin and Hakala, Kirsti and Seibert, Jan and Cannon, Alex J.},
doi = {10.5194/hess-23-1339-2019},
issn = {1607-7938},
journal = {Hydrology and Earth System Sciences},
month = {mar},
number = {3},
pages = {1339--1354},
title = {{Effects of univariate and multivariate bias correction on hydrological impact projections in alpine catchments}},
volume = {23},
year = {2019}
}
@article{Etter2020,
author = {Etter, S. and Strobl, B. and Seibert, J. and van Meerveld, H. J.Ilja},
doi = {10.1029/2019WR026108},
issn = {19447973},
journal = {Water Resources Research},
number = {2},
pages = {1--17},
title = {{Value of Crowd-Based Water Level Class Observations for Hydrological Model Calibration}},
volume = {56},
year = {2020}
}
@article{Fuhrer2012,
author = {Fuhrer, J{\"{u}}rg and Jasper, Karsten},
doi = {10.4236/nr.2012.33019},
issn = {2158-706X},
journal = {Natural Resources},
number = {03},
pages = {145--155},
title = {{Demand and Supply of Water for Agriculture: Influence of Topography and Climate in Pre-Alpine, Mesoscale Catchments}},
volume = {03},
year = {2012}
}
@article{Schaefli2007b,
author = {Schaefli, Bettina and Hingray, Beno{\^{i}}t and Musy, Andr{\'{e}}},
doi = {10.5194/hess-11-1191-2007},
isbn = {1027-5606},
issn = {16077938},
journal = {Hydrology and Earth System Sciences},
number = {3},
pages = {1191--1205},
title = {{Climate change and hydropower production in the Swiss Alps: quantification of potential impacts and related modelling uncertainties}},
volume = {11},
year = {2007}
}
@article{Jenicek2018,
author = {Jenicek, Michal and Seibert, Jan and Staudinger, Maria},
doi = {10.1002/2017WR021648},
issn = {19447973},
journal = {Water Resources Research},
number = {1},
pages = {538--556},
title = {{Modeling of Future Changes in Seasonal Snowpack and Impacts on Summer Low Flows in Alpine Catchments}},
volume = {54},
year = {2018}
}
@article{Zarrineh2020,
author = {Zarrineh, Nina and Abbaspour, Karim C. and Holzk{\"{a}}mper, Annelie},
doi = {10.1016/j.scitotenv.2019.135212},
issn = {18791026},
journal = {Science of the Total Environment},
pages = {135212},
pmid = {31810703},
publisher = {Elsevier B.V.},
title = {{Integrated assessment of climate change impacts on multiple ecosystem services in Western Switzerland}},
volume = {708},
year = {2020}
}
@article{Brunner2019c,
author = {Brunner, Manuela I. and Farinotti, Daniel and Zekollari, Harry and Huss, Matthias and Zappa, Massimiliano},
doi = {10.5194/hess-23-4471-2019},
issn = {1607-7938},
journal = {Hydrology and Earth System Sciences},
month = {oct},
number = {11},
pages = {4471--4489},
title = {{Future shifts in extreme flow regimes in Alpine regions}},
volume = {23},
year = {2019}
}
@article{Farinotti2012,
author = {Farinotti, Daniel and Usselmann, Stephanie and Huss, Matthias and Bauder, Andreas and Funk, Martin},
doi = {10.1002/hyp.8276},
isbn = {1099-1085},
issn = {08856087},
journal = {Hydrological Processes},
number = {13},
pages = {1909--1924},
title = {{Runoff evolution in the Swiss Alps: Projections for selected high-alpine catchments based on ENSEMBLES scenarios}},
volume = {26},
year = {2012}
}
@article{Brunner2019d,
author = {Brunner, Manuela I. and Hingray, Beno{\^{i}}t and Zappa, Massimiliano and Favre, Anne Catherine},
doi = {10.1029/2019WR024701},
issn = {19447973},
journal = {Water Resources Research},
number = {6},
pages = {4745--4759},
title = {{Future Trends in the Interdependence Between Flood Peaks and Volumes: Hydro-Climatological Drivers and Uncertainty}},
volume = {55},
year = {2019}
}
@article{Finger2013,
author = {Finger, D. and Hugentobler, A. and Huss, M. and Voinesco, A. and Wernli, H. and Fischer, D. and Weber, E. and Jeannin, P. Y. and Kauzlaric, M. and Wirz, A. and Vennemann, T. and H{\"{u}}sler, F. and Sch{\"{a}}dler, B. and Weingartner, R.},
doi = {10.5194/hess-17-3261-2013},
isbn = {1732612013},
issn = {10275606},
journal = {Hydrology and Earth System Sciences},
number = {8},
pages = {3261--3277},
title = {{Identification of glacial meltwater runoff in a karstic environment and its implication for present and future water availability}},
volume = {17},
year = {2013}
}
@article{Horton2006,
author = {Horton, Pascal and Schaefli, Bettina and Mezghani, Abdelkader and Hingray, Beno{\^{i}}t and Musy, Andr{\'{e}}},
doi = {10.1002/hyp.6197},
issn = {0885-6087},
journal = {Hydrological Processes},
month = {jun},
number = {10},
pages = {2091--2109},
title = {{Assessment of climate-change impacts on alpine discharge regimes with climate model uncertainty}},
volume = {20},
year = {2006}
}
@article{Fatichi2015,
author = {Fatichi, S. and Rimkus, S. and Burlando, P. and Bordoy, R. and Molnar, P.},
doi = {10.1016/j.jhydrol.2015.03.036},
issn = {00221694},
journal = {Journal of Hydrology},
pages = {362--382},
publisher = {Elsevier B.V.},
title = {{High-resolution distributed analysis of climate and anthropogenic changes on the hydrology of an Alpine catchment}},
volume = {525},
year = {2015}
}
@article{Fatichi2014,
author = {Fatichi, S. and Rimkus, S. and Burlando, P. and Bordoy, R.},
doi = {10.1016/j.scitotenv.2013.12.014},
issn = {18791026},
journal = {Science of the Total Environment},
pages = {1171--1182},
publisher = {Elsevier B.V.},
title = {{Does internal climate variability overwhelm climate change signals in streamflow? The upper Po and Rhone basin case studies}},
volume = {493},
year = {2014}
}
@article{Westerberg2020,
author = {Westerberg, Ida K. and Sikorska-Senoner, Anna E. and Viviroli, Daniel and Vis, Marc and Seibert, Jan},
doi = {10.1080/02626667.2020.1735638},
issn = {21503435},
journal = {Hydrological Sciences Journal},
number = {00},
pages = {1--16},
publisher = {Taylor {\&} Francis},
title = {{Hydrological model calibration with uncertain discharge data}},
volume = {00},
year = {2020}
}
@article{Gurtz2003,
author = {Gurtz, Joachim and Zappa, Massimiliano and Jasper, Karsten and Lang, Herbert and Verbunt, Mark and Badoux, Alexandre and Vitvar, Tomas},
doi = {10.1002/hyp.1125},
issn = {08856087},
journal = {Hydrological Processes},
month = {feb},
number = {2},
pages = {297--311},
title = {{A comparative study in modelling runoff and its components in two mountainous catchments}},
volume = {17},
year = {2003}
}
@article{Brunner2019b,
author = {Brunner, Manuela I. and Sikorska-Senoner, Anna E.},
doi = {10.1016/j.jhydrol.2019.03.024},
issn = {00221694},
journal = {Journal of Hydrology},
number = {March},
pages = {620--629},
title = {{Dependence of flood peaks and volumes in modeled discharge time series: Effect of different uncertainty sources}},
volume = {572},
year = {2019}
}
@article{Comola2017,
author = {Comola, F. and Schaefli, B. and Ronco, P. Da and Botter, G. and Bavay, M. and Rinaldo, A. and Lehning, M.},
doi = {10.1002/2015GL064075},
issn = {0094-8276},
journal = {Geophysical Research Letters},
month = {may},
number = {10},
pages = {3895--3902},
title = {{Scale-dependent effects of solar radiation patterns on the snow-dominated hydrologic response}},
volume = {42},
year = {2015}
}
@article{Addor2014,
author = {Addor, Nans and R{\"{o}}ssler, Ole and K{\"{o}}plin, Nina and Huss, Matthias and Weingartner, Rolf and Seibert, Jan},
doi = {10.1002/2014WR015549},
isbn = {1944-7973},
issn = {19447973},
journal = {Water Resources Research},
number = {10},
pages = {7541--7562},
title = {{Robust changes and sources of uncertainty in the projected hydrological regimes of Swiss catchments}},
volume = {50},
year = {2014}
}
@article{Zappa2011a,
author = {Zappa, Massimiliano and Jaun, Simon and Germann, Urs and Walser, Andr{\'{e}} and Fundel, Felix},
doi = {10.1016/j.atmosres.2010.12.005},
issn = {01698095},
journal = {Atmospheric Research},
month = {may},
number = {2-3},
pages = {246--262},
publisher = {Elsevier B.V.},
title = {{Superposition of three sources of uncertainties in operational flood forecasting chains}},
volume = {100},
year = {2011}
}
@article{Jasper2002,
author = {Jasper, Karsten and Gurtz, Joachim and Lang, Herbert},
doi = {10.1016/S0022-1694(02)00138-5},
issn = {00221694},
journal = {Journal of Hydrology},
number = {1-2},
pages = {40--52},
title = {{Advanced flood forecasting in Alpine watersheds by coupling meteorological observations and forecasts with a distributed hydrological model}},
volume = {267},
year = {2002}
}
@article{Bavay2013,
author = {Bavay, M. and Gr{\"{u}}newald, T. and Lehning, M.},
doi = {10.1016/j.advwatres.2012.12.009},
issn = {03091708},
journal = {Advances in Water Resources},
number = {2013},
pages = {4--16},
publisher = {Elsevier Ltd},
title = {{Response of snow cover and runoff to climate change in high Alpine catchments of Eastern Switzerland}},
volume = {55},
year = {2013}
}
@article{Staudinger2014,
author = {Staudinger, Maria and Seibert, Jan},
doi = {10.1016/j.jhydrol.2014.08.061},
issn = {00221694},
journal = {Journal of Hydrology},
number = {PB},
pages = {1383--1393},
publisher = {Elsevier B.V.},
title = {{Predictability of low flow - An assessment with simulation experiments}},
volume = {519},
year = {2014}
}
@article{Zappa2007,
author = {Zappa, M and Kan, C},
doi = {10.5194/nhess-7-375-2007},
issn = {1684-9981},
journal = {Natural Hazards and Earth System Sciences},
month = {jun},
number = {3},
pages = {375--389},
title = {{Extreme heat and runoff extremes in the Swiss Alps}},
volume = {7},
year = {2007}
}
@article{Sikorska-Senoner2020,
author = {Sikorska-Senoner, Anna and Schaefli, Bettina and Seibert, Jan},
doi = {10.5194/nhess-2020-79},
issn = {1561-8633},
journal = {Natural Hazards and Earth System Sciences},
number = {March},
pages = {1--38},
title = {{Downsizing parameter ensembles for simulations of extreme floods}},
year = {2020}
}
@article{Rossler2018,
author = {R{\"{o}}ssler, Ole and Br{\"{o}}nnimann, Stefan},
doi = {10.1016/j.scitotenv.2018.01.254},
issn = {18791026},
journal = {Science of the Total Environment},
pages = {1218--1227},
pmid = {30857086},
publisher = {Elsevier B.V.},
title = {{The effect of the Tambora eruption on Swiss flood generation in 1816/1817}},
volume = {627},
year = {2018}
}
@article{Finger2011,
author = {Finger, David and Pellicciotti, Francesca and Konz, Markus and Rimkus, Stefan and Burlando, Paolo},
doi = {10.1029/2010WR009824},
issn = {00431397},
journal = {Water Resources Research},
number = {7},
pages = {1--14},
title = {{The value of glacier mass balance, satellite snow cover images, and hourly discharge for improving the performance of a physically based distributed hydrological model}},
volume = {47},
year = {2011}
}
@article{Koplin2012,
author = {K{\"{o}}plin, N. and Sch{\"{a}}dler, B. and Viviroli, D. and Weingartner, R.},
doi = {10.5194/hess-16-2267-2012},
isbn = {1607-7938},
issn = {10275606},
journal = {Hydrology and Earth System Sciences},
number = {7},
pages = {2267--2283},
title = {{Relating climate change signals and physiographic catchment properties to clustered hydrological response types}},
volume = {16},
year = {2012}
}
@article{Ancey2019,
author = {Ancey, C. and Bardou, E. and Funk, M. and Huss, M. and Werder, M. A. and Trewhela, T.},
doi = {10.1029/2019WR025274},
issn = {19447973},
journal = {Water Resources Research},
number = {11},
pages = {8840--8863},
title = {{Hydraulic Reconstruction of the 1818 Gi{\'{e}}tro Glacial Lake Outburst Flood}},
volume = {55},
year = {2019}
}
@article{Hingray2010,
author = {Hingray, B. and Schaefli, B. and Mezghani, A. and Hamdi, Y.},
doi = {10.1080/02626667.2010.505572},
isbn = {0262-6667},
issn = {0262-6667},
journal = {Hydrological Sciences Journal},
number = {6},
pages = {1002--1016},
title = {{Signature-based model calibration for hydrological prediction in mesoscale Alpine catchments}},
volume = {55},
year = {2010}
}
@article{Rahman2014,
author = {Rahman, Kazi and Etienne, Christophe and Gago-Silva, Ana and Maringanti, Chetan and Beniston, Martin and Lehmann, Anthony},
doi = {10.1007/s12665-014-3336-0},
issn = {18666299},
journal = {Environmental Earth Sciences},
number = {11},
pages = {4357--4369},
title = {{Streamflow response to regional climate model output in the mountainous watershed: a case study from the Swiss Alps}},
volume = {72},
year = {2014}
}
@article{Sikorska2017,
author = {Sikorska, A.E. and Viviroli, Daniel and Seibert, J.},
doi = {10.1016/j.jhydrol.2017.11.028},
issn = {00221694},
journal = {Journal of Hydrology},
pages = {510--522},
publisher = {Elsevier B.V.},
title = {{Effective precipitation duration for runoff peaks based on catchment modelling}},
volume = {556},
year = {2017}
}
@article{Pappas2015,
author = {Pappas, Christoforos and Fatichi, Simone and Rimkus, Stefan and Burlando, Paolo and Huber, Markus O.},
doi = {10.1002/2014JG002735},
issn = {21698961},
journal = {Journal of Geophysical Research: Biogeosciences},
number = {2},
pages = {341--360},
title = {{The role of local-scale heterogeneities in terrestrial ecosystem modeling}},
volume = {120},
year = {2015}
}
@article{Sikorska2018,
author = {Sikorska, Anna E. and Seibert, Jan},
doi = {10.1080/02626667.2017.1410279},
issn = {21503435},
journal = {Hydrological Sciences Journal},
number = {1},
pages = {1--16},
publisher = {Taylor {\&} Francis},
title = {{Appropriate temporal resolution of precipitation data for discharge modelling in pre-alpine catchments}},
volume = {63},
year = {2018}
}
@article{Zappa2008,
author = {Zappa, Massimiliano},
doi = {10.1623/hysj.53.1.179},
issn = {02626667},
journal = {Hydrological Sciences Journal},
number = {1},
pages = {179--191},
title = {{Objective quantitative spatial verification of distributed snow cover simulations - An experiment for the whole of Switzerland}},
volume = {53},
year = {2008}
}
@article{Abbaspour2007,
author = {Abbaspour, Karim C. and Yang, Jing and Maximov, Ivan and Siber, Rosi and Bogner, Konrad and Mieleitner, Johanna and Zobrist, Juerg and Srinivasan, Raghavan},
doi = {10.1016/j.jhydrol.2006.09.014},
issn = {00221694},
journal = {Journal of Hydrology},
number = {2-4},
pages = {413--430},
title = {{Modelling hydrology and water quality in the pre-alpine/alpine Thur watershed using SWAT}},
volume = {333},
year = {2007}
}
@article{Ahrens2003a,
author = {Ahrens, Bodo},
doi = {10.1127/0941-2948/2003/0012-0245},
issn = {09412948},
journal = {Meteorologische Zeitschrift},
number = {5},
pages = {245--255},
title = {{Evaluation of precipitation forecasting with the limited area model ALADIN in an alpine watershed}},
volume = {12},
year = {2003}
}
@article{Brunner2019e,
author = {Brunner, Manuela I. and Liechti, Katharina and Zappa, Massimiliano},
doi = {10.5194/nhess-19-2311-2019},
issn = {1684-9981},
journal = {Natural Hazards and Earth System Sciences},
month = {oct},
number = {10},
pages = {2311--2323},
title = {{Extremeness of recent drought events in Switzerland: dependence on variable and return period choice}},
volume = {19},
year = {2019}
}
@article{Kobierska2013,
author = {Kobierska, Florian and Jonas, Tobias and Zappa, Massimiliano and Bavay, Mathias and Magnusson, Jan and Bernasconi, Stefano M.},
doi = {10.1016/j.advwatres.2012.07.024},
issn = {03091708},
journal = {Advances in Water Resources},
pages = {204--214},
publisher = {Elsevier Ltd},
title = {{Future runoff from a partly glacierized watershed in Central Switzerland: A two-model approach}},
volume = {55},
year = {2013}
}
@article{Staudinger2014a,
author = {Staudinger, Maria and Stahl, Kerstin and Seibert, Jan},
doi = {10.1002/2013WR015143},
issn = {00431397},
journal = {Water Resources Research},
month = {oct},
number = {10},
pages = {7861--7872},
title = {{A drought index accounting for snow}},
volume = {50},
year = {2014}
}
@article{Brauchli2017,
author = {Brauchli, Tristan and Trujillo, Ernesto and Huwald, Hendrik and Lehning, Michael},
doi = {10.1002/2017WR021278},
issn = {19447973},
journal = {Water Resources Research},
number = {12},
pages = {10723--10739},
title = {{Influence of Slope-Scale Snowmelt on Catchment Response Simulated With the Alpine3D Model}},
volume = {53},
year = {2017}
}
@article{Hindshaw2011,
author = {Hindshaw, Ruth S. and Tipper, Edward T. and Reynolds, Ben C. and Lemarchand, Emmanuel and Wiederhold, Jan G. and Magnusson, Jan and Bernasconi, Stefano M. and Kretzschmar, Ruben and Bourdon, Bernard},
doi = {10.1016/j.chemgeo.2011.04.012},
issn = {00092541},
journal = {Chemical Geology},
number = {1-4},
pages = {215--230},
publisher = {Elsevier B.V.},
title = {{Hydrological control of stream water chemistry in a glacial catchment (Damma Glacier, Switzerland)}},
volume = {285},
year = {2011}
}
@article{Junker2015,
author = {Junker, Julian and Heimann, Florian U.M. and Hauer, Christoph and Turowski, Jens M. and Rickenmann, Dieter and Zappa, Massimiliano and Peter, Armin},
doi = {10.1007/s10750-014-2073-4},
isbn = {1075001420},
issn = {15735117},
journal = {Hydrobiologia},
number = {1},
pages = {1--21},
title = {{Assessing the impact of climate change on brown trout (Salmo trutta fario) recruitment}},
volume = {751},
year = {2015}
}
@article{Hakala2018a,
author = {Hakala, Kirsti and Addor, Nans and Seibert, Jan},
doi = {10.1175/JHM-D-17-0189.1},
issn = {15257541},
journal = {Journal of Hydrometeorology},
number = {8},
pages = {1321--1337},
title = {{Hydrological modeling to evaluate climate model simulations and their bias correction}},
volume = {19},
year = {2018}
}
@article{Bosshard2013a,
author = {Bosshard, T. and Carambia, M. and Goergen, K. and Kotlarski, S. and Krahe, P. and Zappa, M. and Sch{\"{a}}r, C.},
doi = {10.1029/2011WR011533},
isbn = {0043-1397},
issn = {00431397},
journal = {Water Resources Research},
number = {3},
pages = {1523--1536},
title = {{Quantifying uncertainty sources in an ensemble of hydrological climate-impact projections}},
volume = {49},
year = {2013}
}
@article{Brunner2019a,
author = {Brunner, Manuela I. and {Bj{\"{o}}rnsen Gurung}, Astrid and Zappa, Massimiliano and Zekollari, Harry and Farinotti, Daniel and St{\"{a}}hli, Manfred},
doi = {10.1016/j.scitotenv.2019.02.169},
issn = {18791026},
journal = {Science of the Total Environment},
pages = {1033--1047},
publisher = {Elsevier B.V.},
title = {{Present and future water scarcity in Switzerland: Potential for alleviation through reservoirs and lakes}},
volume = {666},
year = {2019}
}
@article{Tobin2011,
author = {Tobin, Cara and Nicotina, Ludovico and Parlange, Marc B. and Berne, Alexis and Rinaldo, Andrea},
doi = {10.1016/j.jhydrol.2011.02.010},
issn = {00221694},
journal = {Journal of Hydrology},
month = {apr},
number = {1-2},
pages = {77--89},
publisher = {Elsevier B.V.},
title = {{Improved interpolation of meteorological forcings for hydrologic applications in a Swiss Alpine region}},
volume = {401},
year = {2011}
}
@article{Antonetti2019,
author = {Antonetti, Manuel and Horat, Christoph and Sideris, Ioannis V. and Zappa, Massimiliano},
doi = {10.5194/nhess-19-19-2019},
issn = {16849981},
journal = {Natural Hazards and Earth System Sciences},
number = {1},
pages = {19--40},
title = {{Ensemble flood forecasting considering dominant runoff processes - Part 1: Set-up and application to nested basins (Emme, Switzerland)}},
volume = {19},
year = {2019}
}
@article{Rossler2019,
author = {R{\"{o}}ssler, Ole and Kotlarski, Sven and Fischer, Andreas M. and Keller, Denise and Liniger, Mark and Weingartner, Rolf},
doi = {10.1016/j.cliser.2019.01.001},
issn = {24058807},
journal = {Climate Services},
number = {January},
pages = {1--13},
publisher = {Elsevier},
title = {{Evaluating the added value of the new Swiss climate scenarios for hydrology: An example from the Thur catchment}},
volume = {13},
year = {2019}
}
@article{Koplin2010,
author = {K{\"{o}}plin, N. and Viviroli, D. and Sch{\"{a}}dler, B. and Weingartner, R.},
doi = {10.5194/adgeo-27-111-2010},
issn = {16807340},
journal = {Advances in Geosciences},
pages = {111--119},
title = {{How does climate change affect mesoscale catchments in Switzerland? - A framework for a comprehensive assessment}},
volume = {27},
year = {2010}
}
@article{Wever2017,
author = {Wever, Nander and Comola, Francesco and Bavay, Mathias and Lehning, Michael},
doi = {10.5194/hess-21-4053-2017},
issn = {16077938},
journal = {Hydrology and Earth System Sciences},
number = {8},
pages = {4053--4071},
title = {{Simulating the influence of snow surface processes on soil moisture dynamics and streamflow generation in an alpine catchment}},
volume = {21},
year = {2017}
}
@article{Finger2012,
author = {Finger, David and Heinrich, Georg and Gobiet, Andreas and Bauder, Andreas},
doi = {10.1029/2011WR010733},
isbn = {0043-1397},
issn = {00431397},
journal = {Water Resources Research},
number = {2},
pages = {1--20},
title = {{Projections of future water resources and their uncertainty in a glacierized catchment in the Swiss Alps and the subsequent effects on hydropower production during the 21st century}},
volume = {48},
year = {2012}
}
@article{Battista2020,
author = {Battista, Giulia and Schlunegger, Fritz and Burlando, Paolo and Molnar, Peter},
doi = {10.1002/esp.4979},
issn = {10969837},
journal = {Earth Surface Processes and Landforms},
number = {14},
pages = {3475--3487},
title = {{Modelling localized sources of sediment in mountain catchments for provenance studies}},
volume = {45},
year = {2020}
}
@article{Bogner2018b,
author = {Bogner, Konrad and Liechti, Katharina and Bernhard, Luzi and Monhart, Samuel and Zappa, Massimiliano},
doi = {10.1007/s11269-017-1849-5},
issn = {15731650},
journal = {Water Resources Management},
number = {3},
pages = {969--984},
publisher = {Water Resources Management},
title = {{Skill of Hydrological Extended Range Forecasts for Water Resources Management in Switzerland}},
volume = {32},
year = {2018}
}
@article{Giordani2020,
author = {Giordani, Antonio and Zappa, Massimiliano and Rotach, Mathias W.},
doi = {10.3390/ATMOS11010002},
issn = {20734433},
journal = {Atmosphere},
number = {1},
pages = {1--17},
title = {{Estimating ensemble flood forecasts' uncertainty: A novel "peak-box" approach for detecting multiple peak-flow events}},
volume = {11},
year = {2020}
}
@article{Koplin2014,
author = {K{\"{o}}plin, N. and Sch{\"{a}}dler, B. and Viviroli, D. and Weingartner, R.},
doi = {10.1002/hyp.9757},
isbn = {1099-1085},
issn = {08856087},
journal = {Hydrological Processes},
number = {4},
pages = {2567--2578},
title = {{Seasonality and magnitude of floods in Switzerland under future climate change}},
volume = {28},
year = {2014}
}
@article{Tobin2012,
author = {Tobin, Cara and Rinaldo, Andrea and Schaefli, Bettina},
doi = {10.1175/JHM-D-11-0147.1},
issn = {1525755X},
journal = {Journal of Hydrometeorology},
number = {5},
pages = {1507--1519},
title = {{Snowfall limit forecasts and hydrological modeling}},
volume = {13},
year = {2012}
}
@article{Jasper2004,
author = {Jasper, Karsten and Calanca, Pierluigi and Gyalistras, Dimitrios and Fuhrer, J{\"{u}}rg},
doi = {10.3354/cr026113},
issn = {0936-577X},
journal = {Climate Research},
pages = {113--129},
title = {{Differential impacts of climate change on the hydrology of two alpine river basins}},
volume = {26},
year = {2004}
}
@article{Anghileri2019,
author = {Anghileri, D. and Monhart, S. and Zhou, C. and Bogner, K. and Castelletti, A. and Burlando, P. and Zappa, M.},
doi = {10.1029/2019WR025280},
issn = {19447973},
journal = {Water Resources Research},
number = {12},
pages = {10159--10178},
title = {{The Value of Subseasonal Hydrometeorological Forecasts to Hydropower Operations: How Much Does Preprocessing Matter?}},
volume = {55},
year = {2019}
}
@article{Kobierska2011,
author = {Kobierska, Florian and Jonas, Tobias and Magnusson, Jan and Zappa, Massimiliano and Bavay, Mathias and Bosshard, Thomas and Paul, Frank and Bernasconi, Stefano M.},
doi = {10.1016/j.apgeochem.2011.03.029},
issn = {08832927},
journal = {Applied Geochemistry},
number = {SUPPL.},
pages = {S60--S62},
publisher = {Elsevier Ltd},
title = {{Climate change effects on snow melt and discharge of a partly glacierized watershed in Central Switzerland (SoilTrec Critical Zone Observatory)}},
volume = {26},
year = {2011}
}
@article{Rossler2010,
author = {R{\"{o}}{\ss}ler, Ole and L{\"{o}}ffler, J{\"{o}}rg},
doi = {10.1002/hyp.7663},
issn = {08856087},
journal = {Hydrological Processes},
number = {15},
pages = {2182--2196},
title = {{Potentials and limitations of modelling spatio-temporal patterns of soil moisture in a high mountain catchment using WaSiM-ETH}},
volume = {24},
year = {2010}
}
@article{Schaefli2007,
author = {Schaefli, Bettina and Talamba, Daniela Balin and Musy, Andr{\'{e}}},
doi = {10.1016/j.jhydrol.2006.07.005},
issn = {00221694},
journal = {Journal of Hydrology},
number = {3-4},
pages = {303--315},
title = {{Quantifying hydrological modeling errors through a mixture of normal distributions}},
volume = {332},
year = {2007}
}
@article{Milano2015a,
author = {Milano, Marianne and Reynard, Emmanuel and Bosshard, Nina and Weingartner, Rolf},
doi = {10.1016/j.ejrh.2015.10.010},
issn = {22145818},
journal = {Journal of Hydrology: Regional Studies},
pages = {748--761},
publisher = {Elsevier B.V.},
title = {{Simulating future trends in hydrological regimes in Western Switzerland}},
volume = {4},
year = {2015}
}
@article{Muller-Thomy2019,
author = {M{\"{u}}ller-Thomy, Hannes and Sikorska-Senoner, Anna E.},
doi = {10.1080/02626667.2019.1638926},
issn = {21503435},
journal = {Hydrological Sciences Journal},
number = {12},
pages = {1453--1471},
publisher = {Taylor {\&} Francis},
title = {{Does the complexity in temporal precipitation disaggregation matter for a lumped hydrological model?}},
volume = {64},
year = {2019}
}
@article{Fundel2013,
author = {Fundel, F. and J{\"{o}}rg-Hess, S. and Zappa, M.},
doi = {10.5194/hess-17-395-2013},
isbn = {1027-5606},
issn = {16077938},
journal = {Hydrology and Earth System Sciences},
number = {1},
pages = {395--407},
title = {{Monthly hydrometeorological ensemble prediction of streamflow droughts and corresponding drought indices}},
volume = {17},
year = {2013}
}
@article{Staudinger2015,
author = {Staudinger, M. and Weiler, M. and Seibert, J.},
doi = {10.5194/hess-19-1371-2015},
issn = {16077938},
journal = {Hydrology and Earth System Sciences},
number = {3},
pages = {1371--1384},
title = {{Quantifying sensitivity to droughts-an experimental modeling approach}},
volume = {19},
year = {2015}
}
@article{Rahman2015,
author = {Rahman, Kazi and da Silva, Ana Gago and Tejeda, Enrique Moran and Gobiet, Andreas and Beniston, Martin and Lehmann, Anthony},
doi = {10.1016/j.apgeog.2015.06.021},
issn = {01436228},
journal = {Applied Geography},
pages = {264--272},
publisher = {Elsevier Ltd},
title = {{An independent and combined effect analysis of land use and climate change in the upper Rhone River watershed, Switzerland}},
volume = {63},
year = {2015}
}
@article{Milano2015,
author = {Milano, Marianne and Reynard, Emmanuel and K{\"{o}}plin, Nina and Weingartner, Rolf},
doi = {10.1016/j.scitotenv.2015.07.049},
issn = {18791026},
journal = {Science of the Total Environment},
pages = {12--24},
publisher = {Elsevier B.V.},
title = {{Climatic and anthropogenic changes in Western Switzerland: Impacts on water stress}},
volume = {536},
year = {2015}
}
@article{Terrier2015,
author = {Terrier, St{\'{e}}phane and Bieri, Martin and Jordan, Fr{\'{e}}d{\'{e}}ric and Schleiss, Anton J.},
doi = {10.1051/lhb/2015012},
issn = {00186368},
journal = {Houille Blanche},
number = {1},
pages = {93--101},
title = {{Impact du retrait glaciaire et adaptation du potentiel hydro{\'{e}}lectrique dans les Alpes suisses}},
year = {2015}
}
@article{Middelkoop2001,
author = {Middelkoop, H. and Daamen, K. and Gellens, D. and Grabs, W. and Kwadijk, J. C.J. J. and Lang, H. and Parmet, B. W.A.H. and Sch{\"{a}}dler, Bruno and Schulla, J. and Wilke, K.},
doi = {10.1023/A:1010784727448},
issn = {01650009},
journal = {Climatic Change},
number = {1-2},
pages = {105--128},
title = {{Impact of climate change on hydrological regimes and water resources management in the Rhine basin}},
volume = {49},
year = {2001}
}
@article{Zappa2008b,
author = {Zappa, Massimiliano and Rotach, Mathias W. and Arpagaus, Marco and Dorninger, Manfred and Hegg, Christoph and Montani, Andrea and Ranzi, Roberto and Ament, Felix and Germann, Urs and Grossi, Giovanna and Jaun, Simon and Rossa, Andrea and Vogt, Stephan and Walser, Andr{\'{e}} and Wehrhan, Johannes and Wunram, Claudia},
doi = {10.1002/asl.183},
issn = {1530261X},
journal = {Atmospheric Science Letters},
month = {apr},
number = {2},
pages = {80--87},
title = {{MAP D-PHASE: real-time demonstration of hydrological ensemble prediction systems}},
volume = {9},
year = {2008}
}
@article{Konz2011,
author = {Konz, M. and Chiari, M. and Rimkus, S. and Turowski, J. M. and Molnar, P. and Rickenmann, D. and Burlando, P.},
doi = {10.5194/hess-15-2821-2011},
issn = {10275606},
journal = {Hydrology and Earth System Sciences},
number = {9},
pages = {2821--2837},
title = {{Sediment transport modelling in a distributed physically based hydrological catchment model}},
volume = {15},
year = {2011}
}
@article{Ahrens2003b,
author = {Ahrens, B.},
doi = {10.1029/2001jd001485},
issn = {01480227},
journal = {Journal of Geophysical Research: Atmospheres},
number = {8},
pages = {1--12},
title = {{Rainfall downscaling in an alpine watershed applying a multiresolution approach}},
volume = {108},
year = {2003}
}
@article{Bavay2009,
author = {Bavay, Mathias and Lehning, Michael and Jonas, Tobias and L{\"{o}}we, Henning},
doi = {10.1002/hyp.7195},
issn = {08856087},
journal = {Hydrological Processes},
month = {jan},
number = {1},
pages = {95--108},
title = {{Simulations of future snow cover and discharge in Alpine headwater catchments}},
volume = {23},
year = {2009}
}
@article{Battista2020a,
author = {Battista, Giulia and Molnar, Peter and Burlando, Paolo},
doi = {10.5194/esurf-8-619-2020},
issn = {2196632X},
journal = {Earth Surface Dynamics},
number = {3},
pages = {619--635},
title = {{Modelling impacts of spatially variable erosion drivers on suspended sediment dynamics}},
volume = {8},
year = {2020}
}
@article{Sikorska2016,
author = {Sikorska, A. E. and Seibert, J.},
doi = {10.1016/j.jhydrol.2016.06.031},
issn = {00221694},
journal = {Journal of Hydrology},
pages = {961--971},
publisher = {Elsevier B.V.},
title = {{Value of different precipitation data for flood prediction in an alpine catchment: A Bayesian approach}},
volume = {556},
year = {2016}
}
@article{Jasper2006,
author = {Jasper, Karsten and Calanca, Pierluigi and Fuhrer, J{\"{u}}rg},
doi = {10.1016/j.jhydrol.2005.11.061},
issn = {00221694},
journal = {Journal of Hydrology},
number = {3-4},
pages = {550--563},
title = {{Changes in summertime soil water patterns in complex terrain due to climatic change}},
volume = {327},
year = {2006}
}
@article{Zischg2018,
author = {Zischg, Andreas Paul and Felder, Guido and Weingartner, Rolf and Quinn, Niall and Coxon, Gemma and Neal, Jeffrey and Freer, Jim and Bates, Paul},
doi = {10.5194/hess-22-2759-2018},
issn = {16077938},
journal = {Hydrology and Earth System Sciences},
number = {5},
pages = {2759--2773},
title = {{Effects of variability in probable maximum precipitation patterns on flood losses}},
volume = {22},
year = {2018}
}
@article{Rossler2012,
author = {R{\"{o}}ssler, Ole and Diekkr{\"{u}}ger, Bernd and L{\"{o}}ffler, J{\"{o}}rg},
doi = {10.1029/2011WR011188},
isbn = {0043-1397},
issn = {00431397},
journal = {Water Resources Research},
number = {4},
pages = {1--19},
title = {{Potential drought stress in a Swiss mountain catchment - Ensemble forecasting of high mountain soil moisture reveals a drastic decrease, despite major uncertainties}},
volume = {48},
year = {2012}
}
@article{Etter2017,
author = {Etter, Simon and Addor, Nans and Huss, Matthias and Finger, David},
doi = {10.1016/j.ejrh.2017.08.005},
issn = {22145818},
journal = {Journal of Hydrology: Regional Studies},
number = {August},
pages = {222--239},
publisher = {Elsevier},
title = {{Climate change impacts on future snow, ice and rain runoff in a Swiss mountain catchment using multi-dataset calibration}},
volume = {13},
year = {2017}
}
@article{Felder2017,
author = {Felder, Guido and Weingartner, Rolf},
doi = {10.1080/02626667.2017.1319065},
issn = {21503435},
journal = {Hydrological Sciences Journal},
number = {10},
pages = {1591--1602},
publisher = {Taylor {\&} Francis},
title = {{Assessment of deterministic PMF modelling approaches}},
volume = {62},
year = {2017}
}
@article{Staudinger2017,
author = {Staudinger, Maria and Stoelzle, Michael and Seeger, Stefan and Seibert, Jan and Weiler, Markus and Stahl, Kerstin},
doi = {10.1002/hyp.11158},
issn = {10991085},
journal = {Hydrological Processes},
number = {11},
pages = {2000--2015},
title = {{Catchment water storage variation with elevation}},
volume = {31},
year = {2017}
}
@article{Koplin2013,
author = {K{\"{o}}plin, N. and Sch{\"{a}}dler, B. and Viviroli, D. and Weingartner, R.},
doi = {10.5194/hess-17-619-2013},
issn = {10275606},
journal = {Hydrology and Earth System Sciences},
number = {2},
pages = {619--635},
title = {{The importance of glacier and forest change in hydrological climate-impact studies}},
volume = {17},
year = {2013}
}
@article{Etter2018,
author = {Etter, Simon and Strobl, Barbara and Seibert, Jan and {Ilja Van Meerveld}, H. J.},
doi = {10.5194/hess-22-5243-2018},
issn = {16077938},
journal = {Hydrology and Earth System Sciences},
number = {10},
pages = {5243--5257},
title = {{Value of uncertain streamflow observations for hydrological modelling}},
volume = {22},
year = {2018}
}
@article{Viviroli2009a,
author = {Viviroli, Daniel and Zappa, Massimiliano and Schwanbeck, Jan and Gurtz, Joachim and Weingartner, Rolf},
doi = {10.1016/j.jhydrol.2009.08.023},
issn = {00221694},
journal = {Journal of Hydrology},
number = {1-2},
pages = {191--207},
publisher = {Elsevier B.V.},
title = {{Continuous simulation for flood estimation in ungauged mesoscale catchments of Switzerland – Part I: Modelling framework and calibration results}},
volume = {377},
year = {2009}
}
@article{Addor2011,
author = {Addor, N. and Jaun, S. and Fundel, F. and Zappa, M.},
doi = {10.5194/hess-15-2327-2011},
isbn = {1607-7938},
issn = {10275606},
journal = {Hydrology and Earth System Sciences},
number = {7},
pages = {2327--2347},
title = {{An operational hydrological ensemble prediction system for the city of Zurich (Switzerland): Skill, case studies and scenarios}},
volume = {15},
year = {2011}
}
@article{RaymondPralong2015,
author = {{Raymond Pralong}, M{\'{e}}lanie and Turowski, Jens Martin and Rickenmann, Dieter and Zappa, Massimiliano},
doi = {10.1002/esp.3737},
issn = {10969837},
journal = {Earth Surface Processes and Landforms},
number = {12},
pages = {1587--1599},
title = {{Climate change impacts on bedload transport in alpine drainage basins with hydropower exploitation}},
volume = {40},
year = {2015}
}
@article{Ahrens2003,
author = {Ahrens, Bodo and Jasper, K. and Gurtz, J.},
doi = {10.5194/angeo-21-627-2003},
issn = {09927689},
journal = {Annales Geophysicae},
number = {3},
pages = {627--637},
title = {{On ALADIN precipitation modeling and validation in an Alpine watershed}},
volume = {21},
year = {2003}
}
@article{Zeimetz2017,
author = {Zeimetz, Fraenz and Schaefli, Bettina and Artigue, Guillaume and {Garc{\'{i}}a Hern{\'{a}}ndez}, Javier and Schleiss, Anton J.},
doi = {10.1016/j.jhydrol.2017.05.022},
issn = {00221694},
journal = {Journal of Hydrology},
pages = {177--187},
publisher = {Elsevier B.V.},
title = {{Relevance of the correlation between precipitation and the 0 C isothermal altitude for extreme flood estimation}},
volume = {551},
year = {2017}
}
@article{Jorg-Hess2015a,
author = {J{\"{o}}rg-Hess, Stefanie and Griessinger, Nena and Zappa, Massimiliano},
doi = {10.1175/JHM-D-14-0193.1},
issn = {15257541},
journal = {Journal of Hydrometeorology},
number = {5},
pages = {2169--2186},
title = {{Probabilistic forecasts of snow water equivalent and runoff in mountainous areas}},
volume = {16},
year = {2015}
}
@article{Thornton2019,
author = {Thornton, James M. and Mariethoz, Gregoire and Brauchli, Tristan J. and Brunner, Philip},
doi = {10.5194/tc-2019-181},
issn = {1994-0416},
journal = {The Cryosphere Discussions},
number = {September},
pages = {1--48},
title = {{Efficient multi-objective calibration and uncertainty analysis of distributed snow simulations in rugged alpine terrain}},
year = {2019}
}
@article{Rahman2013,
author = {Rahman, Kazi and Maringanti, Chetan and Beniston, Martin and Widmer, Florian and Abbaspour, Karim and Lehmann, Anthony},
doi = {10.1007/s11269-012-0188-9},
issn = {09204741},
journal = {Water Resources Management},
number = {2},
pages = {323--339},
title = {{Streamflow Modeling in a Highly Managed Mountainous Glacier Watershed Using SWAT: The Upper Rhone River Watershed Case in Switzerland}},
volume = {27},
year = {2013}
}
@article{Andrianaki2019,
author = {Andrianaki, Maria and Shrestha, Juna and Kobierska, Florian and Nikolaidis, Nikolaos P. and Bernasconi, Stefano M.},
doi = {10.5194/hess-23-3219-2019},
issn = {16077938},
journal = {Hydrology and Earth System Sciences},
number = {8},
pages = {3219--3232},
title = {{Assessment of SWAT spatial and temporal transferability for a high-altitude glacierized catchment}},
volume = {23},
year = {2019}
}
@article{Comola2015,
author = {Comola, F. and Schaefli, B. and Rinaldo, A. and Lehning, M.},
doi = {10.1002/2014WR016228},
issn = {00431397},
journal = {Water Resources Research},
month = {mar},
number = {3},
pages = {1671--1687},
title = {{Thermodynamics in the hydrologic response: Travel time formulation and application to Alpine catchments}},
volume = {51},
year = {2015}
}
@article{Schaefli2009,
author = {Schaefli, B. and Zehe, E.},
doi = {10.5194/hess-13-1921-2009},
issn = {16077938},
journal = {Hydrology and Earth System Sciences},
number = {10},
pages = {1921--1936},
title = {{Hydrological model performance and parameter estimation in the wavelet-domain}},
volume = {13},
year = {2009}
}
@article{Andres2016,
author = {Andres, Norina and Lieberherr, Gian and Sideris, Ioannis V. and Jordan, Fr{\'{e}}d{\'{e}}ric and Zappa, Massimiliano},
doi = {10.1002/met.1569},
issn = {14698080},
journal = {Meteorological Applications},
number = {3},
pages = {448--461},
title = {{From calibration to real-time operations: an assessment of three precipitation benchmarks for a Swiss river system}},
volume = {23},
year = {2016}
}
@article{Shakoor2018,
author = {Shakoor, Abdul and Burri, Alice and Bavay, Mathias and Ejaz, Naeem and Ghumman, Abdul Razzaq and Comola, Francesco and Lehning, Michael},
doi = {10.1016/j.polar.2018.06.007},
issn = {18739652},
journal = {Polar Science},
number = {June},
pages = {1--12},
publisher = {Elsevier},
title = {{Hydrological response of two high altitude Swiss catchments to energy balance and temperature index melt schemes}},
volume = {17},
year = {2018}
}
@article{Finger2015,
author = {Finger, David and Vis, Marc and Huss, Matthias and Seibert, Jan},
doi = {10.1002/2014WR015712},
isbn = {6176273099},
issn = {19447973},
journal = {Water Resources Research},
number = {4},
pages = {1939--1958},
title = {{The value of multiple data set calibration versus model complexity for improving the performance of hydrological models in mountain catchments}},
volume = {51},
year = {2015}
}
@article{Verbunt2003,
author = {Verbunt, M. and Gurtz, Joachim and Jasper, K. and Lang, H. and Warmerdam, P. and Zappa, Massimiliano},
doi = {10.1016/S0022-1694(03)00251-8},
issn = {00221694},
journal = {Journal of Hydrology},
month = {nov},
number = {1-4},
pages = {36--55},
title = {{The hydrological role of snow and glaciers in alpine river basins and their distributed modeling}},
volume = {282},
year = {2003}
}
@article{Griessinger2016,
author = {Griessinger, Nena and Seibert, Jan and Magnusson, Jan and Jonas, Tobias},
doi = {10.5194/hess-20-3895-2016},
issn = {16077938},
journal = {Hydrology and Earth System Sciences},
number = {9},
pages = {3895--3905},
title = {{Assessing the benefit of snow data assimilation for runoff modeling in Alpine catchments}},
volume = {20},
year = {2016}
}
@article{GarciaHernandez2009,
author = {{Garc{\'{i}}a Hern{\'{a}}ndez}, Javier and Boillat, Jean-Louis and Jordan, Fr{\'{e}}d{\'{e}}ric and Hingray, Beno{\^{i}}t},
doi = {10.1051/lhb/2009057},
issn = {0018-6368},
journal = {La Houille Blanche},
month = {nov},
number = {5},
pages = {61--70},
title = {{La pr{\'{e}}vision hydrom{\'{e}}t{\'{e}}orologique sur le bassin versant du Rh{\^{o}}ne en amont du L{\'{e}}man}},
year = {2009}
}
@article{Zappa2003,
author = {Zappa, Massimiliano and Gurtz, Joachim},
doi = {10.5194/hess-7-903-2003},
journal = {Hydrology and Earth System Sciences},
number = {6},
pages = {903--919},
title = {{Simulation of soil moisture and evapotranspiration in a soil profile during the 1999 MAP-Riviera Campaign}},
volume = {7},
year = {2003}
}
@article{Paschalis2014,
author = {Paschalis, Athanasios and Fatichi, Simone and Molnar, Peter and Rimkus, Stefan and Burlando, Paolo},
doi = {10.1016/j.jhydrol.2014.04.014},
issn = {00221694},
journal = {Journal of Hydrology},
pages = {313--327},
publisher = {Elsevier B.V.},
title = {{On the effects of small scale space-time variability of rainfall on basin flood response}},
volume = {514},
year = {2014}
}
@article{Uhlmann2013,
author = {Uhlmann, Bastienne and Jordan, Fr{\'{e}}d{\'{e}}ric and Beniston, Martin},
doi = {10.1002/joc.3501},
issn = {08998418},
journal = {International Journal of Climatology},
number = {5},
pages = {1293--1300},
title = {{Modelling runoff in a Swiss glacierized catchment-part I: Methodology and application in the Findelen basin under a long-lasting stable climate}},
volume = {33},
year = {2013}
}
@article{Keller2019,
author = {Keller, L. and Zischg, Andreas Paul and Mosimann, Markus and R{\"{o}}ssler, Ole and Weingartner, Rolf and Martius, Olivia},
doi = {10.1016/j.scitotenv.2019.07.206},
issn = {18791026},
journal = {Science of the Total Environment},
title = {{Large ensemble flood loss modelling and uncertainty assessment for future climate conditions for a Swiss pre-alpine catchment}},
volume = {693},
year = {2019}
}
@article{Verbunt2006,
author = {Verbunt, M. and Zappa, M. and Gurtz, J. and Kaufmann, P.},
doi = {10.1016/j.jhydrol.2005.09.036},
issn = {00221694},
journal = {Journal of Hydrology},
number = {1-4},
pages = {224--238},
title = {{Verification of a coupled hydrometeorological modelling approach for alpine tributaries in the Rhine basin}},
volume = {324},
year = {2006}
}
@article{Alaoui2014,
author = {Alaoui, A. and Willimann, E. and Jasper, K. and Felder, G. and Herger, F. and Magnusson, J. and Weingartner, R.},
doi = {10.1002/hyp.9895},
issn = {10991085},
journal = {Hydrological Processes},
number = {10},
pages = {3602--3614},
title = {{Modelling the effects of land use and climate changes on hydrology in the Ursern Valley, Switzerland}},
volume = {28},
year = {2014}
}
@article{Mastrotheodoros2019,
author = {Mastrotheodoros, Theodoros and Pappas, Christoforos and Molnar, Peter and Burlando, Paolo and Hadjidoukas, Panagiotis and Fatichi, Simone},
doi = {10.1002/eco.2054},
issn = {19360592},
journal = {Ecohydrology},
number = {1},
pages = {1--18},
title = {{Ecohydrological dynamics in the Alps: Insights from a modelling analysis of the spatial variability}},
volume = {12},
year = {2019}
}
@article{Liechti2013,
author = {Liechti, Katharina and Zappa, Massimiliano and Fundel, Felix and Germann, Urs},
doi = {10.1002/hyp.9458},
issn = {08856087},
journal = {Hydrological Processes},
number = {1},
pages = {5--17},
title = {{Probabilistic evaluation of ensemble discharge nowcasts in two nested Alpine basins prone to flash floods}},
volume = {27},
year = {2013}
}
@article{Calanca2006,
author = {Calanca, Pierluigi and Roesch, Andreas and Jasper, Karsten and Wild, Martin},
doi = {10.1007/s10584-006-9103-9},
issn = {01650009},
journal = {Climatic Change},
number = {1-2},
pages = {65--78},
title = {{Global warming and the summertime evapotranspiration regime of the Alpine region}},
volume = {79},
year = {2006}
}
@article{Verbunt2007,
author = {Verbunt, M. and Walser, A. and Gurtz, J. and Montani, A. and Sch{\"{a}}r, Christoph},
doi = {10.1175/JHM594.1},
issn = {1525755X},
journal = {Journal of Hydrometeorology},
number = {4},
pages = {897--909},
title = {{Probabilistic flood forecasting with a limited-area ensemble prediction system: Selected case studies}},
volume = {8},
year = {2007}
}
@article{Bogner2018,
author = {Bogner, Konrad and Liechti, Katharina and Zappa, Massimiliano},
doi = {10.1007/978-981-10-7218-5\_40},
isbn = {9789811072185},
journal = {Advances in Hydroinformatics},
pages = {569--578},
title = {{Error Correcting and Combining Multi-model Flood Forecasting Systems}},
year = {2018}
}
@article{Bieri2013,
author = {Bieri, M. and Schleiss, A. J.},
doi = {10.1111/j.1753-318X.2012.01171.x},
issn = {1753318X},
journal = {Journal of Flood Risk Management},
number = {3},
pages = {169--185},
title = {{Analysis of flood-reduction capacity of hydropower schemes in an Alpine catchment area by semidistributed conceptual modelling}},
volume = {6},
year = {2013}
}
@article{Hakala2020,
author = {Hakala, Kirsti and Addor, Nans and Gobbe, Thibault and Ruffieux, Johann and Seibert, Jan},
doi = {10.5194/hess-24-3815-2020},
issn = {16077938},
journal = {Hydrology and Earth System Sciences},
number = {7},
pages = {3815--3833},
title = {{Risks and opportunities for a Swiss hydroelectricity company in a changing climate}},
volume = {24},
year = {2020}
}
@article{Speich2015,
author = {Speich, Matthias J.R. and Bernhard, Luzi and Teuling, Adriaan J. and Zappa, Massimiliano},
doi = {10.1016/j.jhydrol.2015.01.086},
issn = {00221694},
journal = {Journal of Hydrology},
pages = {804--821},
publisher = {Elsevier B.V.},
title = {{Application of bivariate mapping for hydrological classification and analysis of temporal change and scale effects in Switzerland}},
volume = {523},
year = {2015}
}
@article{Jordan2010,
author = {Jordan, Fr{\'{e}}d{\'{e}}ric and Boillat, Jean-Louis and Schleiss, Anton},
doi = {10.1051/lhb/2010060},
issn = {0018-6368},
journal = {La Houille Blanche},
month = {dec},
number = {5},
pages = {91--102},
title = {{Pr{\'{e}}vision et gestion des crues du Rh{\^{o}}ne sup{\'{e}}rieur par l'exploitation optimale des retenues alpines}},
year = {2010}
}
@article{Stucki2018,
author = {Stucki, Peter and Bandhauer, Moritz and Heikkil{\"{a}}, Ulla and R{\"{o}}ssler, Ole and Zappa, Massimiliano and Pfister, Lucas and Salvisberg, Melanie and Froidevaux, Paul and Martius, Olivia and Panziera, Luca and Br{\"{o}}nnimann, Stefan},
doi = {10.5194/nhess-18-2717-2018},
issn = {16849981},
journal = {Natural Hazards and Earth System Sciences},
number = {10},
pages = {2717--2739},
title = {{Reconstruction and simulation of an extreme flood event in the Lago Maggiore catchment in 1868}},
volume = {18},
year = {2018}
}
@article{Foglia2013,
author = {Foglia, L. and Mehl, S. W. and Hill, M. C. and Burlando, P.},
doi = {10.1029/2011WR011779},
issn = {00431397},
journal = {Water Resources Research},
number = {1},
pages = {260--282},
title = {{Evaluating model structure adequacy: The case of the Maggia Valley groundwater system, southern Switzerland}},
volume = {49},
year = {2013}
}
@article{Jorg-Hess2015,
author = {J{\"{o}}rg-Hess, Stefanie and Kempf, Silja B. and Fundel, Felix and Zappa, Massimiliano},
doi = {10.1002/met.1474},
issn = {14698080},
journal = {Meteorological Applications},
number = {3},
pages = {444--458},
title = {{The benefit of climatological and calibrated reforecast data for simulating hydrological droughts in Switzerland}},
volume = {22},
year = {2015}
}
@article{Keller2019a,
author = {Keller, Luise and R{\"{o}}ssler, Ole and Martius, Olivia and Weingartner, Rolf},
doi = {10.1002/hyp.13341},
issn = {10991085},
journal = {Hydrological Processes},
number = {4},
pages = {535--550},
title = {{Comparison of scenario-neutral approaches for estimation of climate change impacts on flood characteristics}},
volume = {33},
year = {2019}
}
@article{Orth2015,
author = {Orth, Rene and Staudinger, Maria and Seneviratne, Sonia I. and Seibert, Jan and Zappa, Massimiliano},
doi = {10.1016/j.jhydrol.2015.01.044},
isbn = {0022-1694},
issn = {00221694},
journal = {Journal of Hydrology},
pages = {147--159},
publisher = {Elsevier B.V.},
title = {{Does model performance improve with complexity? A case study with three hydrological models}},
volume = {523},
year = {2015}
}
@article{Brunner2018,
author = {Brunner, Manuela Irene and Sikorska, Anna E. and Seibert, Jan},
doi = {10.1016/j.scitotenv.2017.10.176},
issn = {18791026},
journal = {Science of the Total Environment},
pages = {1392--1403},
publisher = {Elsevier B.V.},
title = {{Bivariate analysis of floods in climate impact assessments}},
volume = {616-617},
year = {2018}
}
@article{Verbunt2005,
author = {Verbunt, M. and {Groot Zwaaftink}, M. and Gurtz, J.},
doi = {10.1016/j.ecolmodel.2005.01.027},
issn = {03043800},
journal = {Ecological Modelling},
number = {1 SPEC. ISS.},
pages = {71--84},
title = {{The hydrologic impact of land cover changes and hydropower stations in the Alpine Rhine basin}},
volume = {187},
year = {2005}
}
@article{Fundel2011,
author = {Fundel, Felix and Zappa, Massimiliano},
doi = {10.1029/2010WR009996},
issn = {00431397},
journal = {Water Resources Research},
number = {9},
pages = {1--15},
title = {{Hydrological ensemble forecasting in mesoscale catchments: Sensitivity to initial conditions and value of reforecasts}},
volume = {47},
year = {2011}
}
@article{Jaun2008,
author = {Jaun, S and Ahrens, B and Walser, A and Ewen, T and Sch{\"{a}}r, C},
doi = {10.5194/nhess-8-281-2008},
issn = {1684-9981},
journal = {Natural Hazards and Earth System Sciences},
month = {apr},
number = {2},
pages = {281--291},
title = {{A probabilistic view on the August 2005 floods in the upper Rhine catchment}},
volume = {8},
year = {2008}
}
@article{Koplin2014a,
author = {K{\"{o}}plin, N. and R{\"{o}}{\ss}ler, O. and Sch{\"{a}}dler, B. and Weingartner, R.},
doi = {10.1007/s10584-013-1015-x},
issn = {01650009},
journal = {Climatic Change},
number = {1-2},
pages = {171--184},
title = {{Robust estimates of climate-induced hydrological change in a temperate mountainous region}},
volume = {122},
year = {2014}
}
@article{Viviroli2009c,
author = {Viviroli, Daniel and Mittelbach, Heidi and Gurtz, Joachim and Weingartner, Rolf},
doi = {10.1016/j.jhydrol.2009.08.022},
issn = {00221694},
journal = {Journal of Hydrology},
month = {oct},
number = {1-2},
pages = {208--225},
title = {{Continuous simulation for flood estimation in ungauged mesoscale catchments of Switzerland – Part II: Parameter regionalisation and flood estimation results}},
volume = {377},
year = {2009}
}
@article{Schaefli2016,
author = {Schaefli, Bettina},
doi = {10.1002/hyp.10972},
issn = {10991085},
journal = {Hydrological Processes},
number = {22},
pages = {4019--4035},
title = {{Snow hydrology signatures for model identification within a limits-of-acceptability approach}},
volume = {30},
year = {2016}
}
@article{Zarrineh2018,
author = {Zarrineh, Nina and Abbaspour, Karim C. and van Griensven, Ann and Jeangros, Bernard and Holzk{\"{a}}mper, Annelie},
doi = {10.3390/su10113844},
issn = {20711050},
journal = {Sustainability (Switzerland)},
number = {11},
title = {{Model-based evaluation of land management strategies with regard to multiple ecosystem services}},
volume = {10},
year = {2018}
}
@article{Foglia2009a,
author = {Foglia, L. and Hill, M. C. and Mehl, S. W. and Burlando, P.},
doi = {10.1029/2008WR007255},
issn = {00431397},
journal = {Water Resources Research},
number = {6},
pages = {1--18},
title = {{Sensitivity analysis, calibration, and testing of a distributed hydrological model using error-based weighting and one objective function}},
volume = {45},
year = {2009}
}
@article{Foglia2009,
author = {Foglia, L. and Hill, M. C. and Mehl, S. W. and Burlando, P.},
doi = {10.1029/2008WR007255},
issn = {00431397},
journal = {Water Resources Research},
number = {6},
pages = {1--18},
title = {{Sensitivity analysis, calibration, and testing of a distributed hydrological model using error-based weighting and one objective function}},
volume = {45},
year = {2009}
}
@article{Jasper2003,
author = {Jasper, Karsten and Kaufmann, Pirmin},
doi = {10.1256/qj.02.26},
issn = {00359009},
journal = {Quarterly Journal of the Royal Meteorological Society},
number = {588 PART B},
pages = {673--692},
title = {{Coupled runoff simulations as validation tools for atmospheric models at the regional scale}},
volume = {129},
year = {2003}
}
@article{DalMolin2020,
author = {{Dal Molin}, Marco and Schirmer, Mario and Zappa, Massimiliano and Fenicia, Fabrizio},
doi = {10.5194/hess-24-1319-2020},
issn = {16077938},
journal = {Hydrology and Earth System Sciences},
number = {3},
pages = {1319--1345},
title = {{Understanding dominant controls on streamflow spatial variability to set up a semi-distributed hydrological model: The case study of the Thur catchment}},
volume = {24},
year = {2020}
}
@article{Melsen2016,
author = {Melsen, Lieke and Teuling, Adriaan and Torfs, Paul and Zappa, Massimiliano and Mizukami, Naoki and Clark, Martyn and Uijlenhoet, Remko},
doi = {10.5194/hess-20-2207-2016},
issn = {16077938},
journal = {Hydrology and Earth System Sciences},
number = {6},
pages = {2207--2226},
title = {{Representation of spatial and temporal variability in large-domain hydrological models: Case study for a mesoscale pre-Alpine basin}},
volume = {20},
year = {2016}
}
@article{Melsen2019,
author = {Melsen, Lieke A. and Teuling, Adriaan J. and Torfs, Paul J.J.F. and Zappa, Massimiliano and Mizukami, Naoki and Mendoza, Pablo A. and Clark, Martyn P. and Uijlenhoet, Remko},
doi = {10.1016/j.jhydrol.2018.11.046},
issn = {00221694},
journal = {Journal of Hydrology},
number = {September 2017},
pages = {1093--1104},
title = {{Subjective modeling decisions can significantly impact the simulation of flood and drought events}},
volume = {568},
year = {2019}
}
@article{Cullmann2008,
author = {Cullmann, Johannes and Wriedt, Gunter},
doi = {10.2166/hydro.2008.055},
issn = {14647141},
journal = {Journal of Hydroinformatics},
number = {4},
pages = {301--316},
title = {{Joint application of event-based calibration and dynamic identifiability analysis in rainfall-runoff modelling: Implications for model parametrisation}},
volume = {10},
year = {2008}
}
@article{Donnelly2016,
author = {Donnelly, Chantal and Andersson, Jafet C.M. and Arheimer, Berit},
doi = {10.1080/02626667.2015.1027710},
issn = {21503435},
journal = {Hydrological Sciences Journal},
number = {2},
pages = {255--273},
publisher = {Taylor {\&} Francis},
title = {{Using flow signatures and catchment similarities to evaluate the E-HYPE multi-basin model across Europe}},
url = {http://dx.doi.org/10.1080/02626667.2015.1027710},
volume = {61},
year = {2016}
}
@article{VanOsnabrugge2019,
author = {{Van Osnabrugge}, Bart and Uijlenhoet, Remko and Weerts, Albrecht},
doi = {10.5194/hess-23-1453-2019},
issn = {16077938},
journal = {Hydrology and Earth System Sciences},
number = {3},
pages = {1453--1467},
title = {{Contribution of potential evaporation forecasts to 10-day streamflow forecast skill for the Rhine River}},
volume = {23},
year = {2019}
}
@article{Wanders2019,
author = {Wanders, Niko and Thober, Stephan and Kumar, Rohini and Pan, Ming and Sheffield, Justin and Samaniego, Luis and Wood, Eric F.},
doi = {10.1175/JHM-D-18-0040.1},
issn = {15257541},
journal = {Journal of Hydrometeorology},
number = {1},
pages = {99--115},
title = {{Development and evaluation of a pan-European multimodel seasonal hydrological forecasting system}},
volume = {20},
year = {2019}
}
@article{VanOsnabrugge2017,
author = {van Osnabrugge, B. and Weerts, A. H. and Uijlenhoet, R.},
doi = {10.1002/2017WR021201},
issn = {00431397},
journal = {Water Resources Research},
month = {nov},
number = {11},
pages = {9284--9303},
title = {{genRE: A Method to Extend Gridded Precipitation Climatology Data Sets in Near Real-Time for Hydrological Forecasting Purposes}},
volume = {53},
year = {2017}
}
@article{Bosshard2014,
author = {Bosshard, Thomas and Kotlarski, Sven and Zappa, Massimiliano and Sch{\"{a}}r, Christoph},
doi = {10.1175/JHM-D-12-098.1},
issn = {1525-755X},
journal = {Journal of Hydrometeorology},
number = {2},
pages = {697--713},
title = {{Hydrological Climate-Impact Projections for the Rhine River: GCM–RCM Uncertainty and Separate Temperature and Precipitation Effects}},
volume = {15},
year = {2014}
}
@article{Gupta2014,
author = {Gupta, H. V. and Perrin, C. and Bl{\"{o}}schl, G. and Montanari, A. and Kumar, R. and Clark, M. and Andr{\'{e}}assian, V.},
doi = {10.5194/hess-18-463-2014},
issn = {10275606},
journal = {Hydrology and Earth System Sciences},
number = {2},
pages = {463--477},
title = {{Large-sample hydrology: A need to balance depth with breadth}},
volume = {18},
year = {2014}
}
@article{Kauffeldt2016,
author = {Kauffeldt, A. and Wetterhall, F. and Pappenberger, F. and Salamon, P. and Thielen, J.},
doi = {10.1016/j.envsoft.2015.09.009},
issn = {13648152},
journal = {Environmental Modelling and Software},
pages = {68--76},
publisher = {Elsevier Ltd},
title = {{Technical review of large-scale hydrological models for implementation in operational flood forecasting schemes on continental level}},
url = {http://dx.doi.org/10.1016/j.envsoft.2015.09.009},
volume = {75},
year = {2016}
}
@article{Kleinn2005,
author = {Kleinn, Jan and Frei, C. and Gurtz, J. and L{\"{u}}thi, D. and Vidale, P. L. and Sch{\"{a}}r, C.},
doi = {10.1029/2004JD005143},
issn = {01480227},
journal = {Journal of Geophysical Research D: Atmospheres},
number = {4},
pages = {1--18},
title = {{Hydrologic simulations in the Rhine basin driven by a regional climate model}},
volume = {110},
year = {2005}
}
@article{McMillan2016,
author = {McMillan, H. K. and Booker, D. J. and Catto{\"{e}}n, C.},
doi = {10.1016/j.jhydrol.2016.07.043},
issn = {00221694},
journal = {Journal of Hydrology},
pages = {800--815},
publisher = {Elsevier B.V.},
title = {{Validation of a national hydrological model}},
volume = {541},
year = {2016}
}
@article{Rottler2020,
author = {Rottler, Erwin and Bronstert, Axel and B{\"{u}}rger, Gerd and Rakovec, Oldrich},
journal = {Hydrol. Earth Syst. Sci. Discuss.},
number = {November},
pages = {1--25},
title = {{Projected changes in Rhine River flood seasonality under global warming}},
year = {2020}
}
@article{Thielen2009,
author = {Thielen, J. and Bartholmes, J. and Ramos, M. H. and {De Roo}, A.},
doi = {10.5194/hess-13-125-2009},
issn = {16077938},
journal = {Hydrology and Earth System Sciences},
number = {2},
pages = {125--140},
title = {{The European flood alert system - part 1: Concept and development}},
volume = {13},
year = {2009}
}
@article{Schaefli2011,
author = {Schaefli, B. and Huss, M.},
doi = {10.5194/hess-15-1227-2011},
issn = {10275606},
journal = {Hydrology and Earth System Sciences},
number = {4},
pages = {1227--1241},
title = {{Integrating point glacier mass balance observations into hydrologic model identification}},
volume = {15},
year = {2011}
}
@article{Zierl2005,
author = {Zierl, B{\"{a}}rbel and Bugmann, Harald},
doi = {10.1029/2004WR003447},
issn = {00431397},
journal = {Water Resources Research},
month = {feb},
number = {2},
pages = {W02028},
title = {{Global change impacts on hydrological processes in Alpine catchments}},
volume = {41},
year = {2005}
}
@article{baumgartner1986,
   Author = {Baumgartner, M. F. and Martinec, J. and Seidel, K.},
   Title = {Large-area deterministic simulation of natural runoff from snowmelt based on Landsat MSS data },
   Journal = {Ieee Transactions on Geoscience and Remote Sensing},
   Volume = {24},
   Number = {6},
   Pages = {1013-1017},
   Year = {1986} }

@article{bossard1989,
   Author = {Bossard, Peter},
   Title = {Editorial},
   Journal = {Aquatic Sciences},
   Volume = {51},
   Number = {1},
   Pages = {1-1},
   Year = {1989} }

@incollection{braun1986,
   Author = {Braun, L. and Lang, H.},
   Title = {Simulation  of  snowmelt  runoff  in  lowland  and  lower  Alpine  regions  of  Switzerland  },
   Editor = {Modelling Snowmelt-Induced  Processes  (Proceedings of the Budapest  Symposium, July  1986). IAHS Publ. no. 155, 1986. },
   Year = {1986} }

@incollection{braun90,
   Author = {Braun, L. N. and Aellen, M},
   Title = {Modelling discharge of glacierized basins assisted by direct measurements of glacier mass balance},
   BookTitle = {Hydrology in Mountainous Regions. I – Hydrological Measurements. IAHS Publ. No. 193},
   Editor = {Lang, H. and Musy, A.},
   Publisher = {IAHS},
   Address = {Wallingford, Oxfordshire UK},
   Pages = {99-106},
   Year = {1990} }

@article{braun1992,
   Author = {Braun, L. N. and Renner, C. B.},
   Title = {Application of a conceptual runoff model in different physiographic regions of Switzerland},
   Journal = {Hydrological Sciences Journal},
   Volume = {37},
   Number = {3},
   Pages = {217-231},
   Year = {1992} }

@article{bultot1992,
   Author = {Bultot, F. and Gellens, D. and Spreafico, M. and Schadler, B.},
   Title = {Repercussions of a CO2 doubling on the water balance - a case-study in Switzerland},
   Journal = {Journal of Hydrology},
   Volume = {137},
   Number = {1-4},
   Pages = {199-208},
   Year = {1992} }

@article{federer1978,
   Author = {Fédérer, C. A. and Lash, D.},
   Title = {Brook: A Hydrologie Simulation Model for Eastern Forests. Water Resource Research Center, University of New Hampshire, Durham, New Hampshire, USA.},
   Pages = {84},
   Year = {1978} }

@article{foster1989,
   Author = {Forster, F.},
   Title = {Einfluss der Bewaldung  auf die Komponenten der Wasserbilanz},
   Journal = {Informationsbericht  4/89 des Bayerischen  Landes-amtes fur Wasserwirtschaft, München},
   Pages = {47 - 63},
   Year = {1989} }

@article{hager1984,
   Author = {Hager, W. H.},
   Title = {A simplified hydrological rainfall-runoff model},
   Journal = {Journal of Hydrology},
   Volume = {74},
   Number = {1},
   Pages = {151-170},
   Year = {1984} }

@article{hegg2006,
   Author = {Hegg, Christoph and McArdell, Brian W. and Badoux, Alexandre},
   Title = {One hundred years of mountain hydrology in Switzerland by the WSL},
   Journal = {Hydrological Processes},
   Volume = {20},
   Number = {2},
   Pages = {371-376},
   Year = {2006} }

@incollection{hoeck1952,
   Author = {Hoeck, E.},
   Title = {Der Einfluss der Strahlung und der Temperatur auf den Schmelzprozess der Schneedecke},
   BookTitle = {Beitrage zur Geologie der Schweiz, Geotechnische Serie, Hydrologie, Lieferung 8.},
   Publisher = {Kummerly und Frey AG},
   Address = {Bern},
   Pages = {36},
   Year = {1952} }

@inproceedings{hottelet1993,
   Author = {Hottelet, Ch. and Braun, L. and Leibundgut, C. and Rieg, A.},
   Title = {Simulation of snowpack and discharge in an Alpine Karst basin. },
   BookTitle = {Snow and Glacier Hydrologie, Proceedings of the Kathmandu Symposium, Nov. 1992, IAHS Publ. no 218.},
   Year = {1993} }

@misc{jaton1982,
   Author = {Jaton, Jean-François},
   Title = {Contribution à l'étude des relations pluies-débits dans les petits bassins versants ruraux},
   doi = {10.5075/epfl-thesis-453},
   Publisher = {Lausanne, EPFL},
   Year = {1982} }

@article{jeger1942,
   Author = {Jeger, Carl},
   Title = {Zum beschleunigten Ausbau unserer Wasserkraft},
   Journal = {Schweizerische Bauzeitung},
   Volume = {119/120},
   Number = {4},
   Year = {1942} }

@article{jensenlang1973,
   Author = {Jensen, H. and Lang, H.},
   Title = {Forecasting discharge from a glaciated basin in the Swiss Alps},
   Journal = {Role of Snow and Ice in Hydrology, Proceedings of symposia held at Banff, September 1972, IAHS Publ. no 107},
   Volume = {2},
   Pages = {1047-1057 },
   Year = {1973} }

@inproceedings{jordan1990,
   Author = {Jordan, J. - P.},
   Title = {IMPORTANCE OF THE EXPERIMENTAL BASIN FOR CONCEPTUAL DISTRIBUTED MODELS},
   BookTitle = {Hydrological research basins and the environment: proceedings of the International Conference, 24-28 September 1990 at Wageningen/The Hague},
   Editor = {Hooghart, C. and Posthumus, C.W.S. and Warmerdam, P.M.M. },
   Year = {1990} }

@inproceedings{jordan1987,
   Author = {Jordan, J. - P. and Bathurst, P. and Musy, A.},
   Title = {Modélisation à base physique sur un bassin versant rural en climat tempéré. },
   BookTitle = {Conférence IAHS, Vancouver, 1987},
   Year = {1987} }

@incollection{jordan1990,
   Author = {Jordan, J. - P. and Laglaine, V. and Hohl, Ph.},
   Title = {A  comparative  assessment  of  two  approaches  to  evaluate  anthropogenic  effects  on  flood  events  in  mountainous  regions},
   BookTitle = {Hydrology in Mountainous Regions.   I  - Hydrological Measurements; the  Water Cycle (Proceedings of  two Lausanne  Symposia, August  1990). IAHS Publ. no.  193},
   Pages = {565-572},
   Year = {1990} }

@article{keller1970,
   Author = {Keller, H. M.},
   Title = {Factors affecting water quality of small mountain catchments},
   Journal = {Journal of Hydrology: New Zealand},
   Volume = {9},
   Number = {2},
   Pages = {133-141},
   Year = {1970} }

@incollection{keller1979,
   Author = {Keller, Hans M.},
   Title = {Model Comparison to Estimate Consumptive Use},
   BookTitle = {Developments in Agricultural and Managed Forest Ecology},
   Editor = {Halldin, S.},
   Publisher = {Elsevier},
   Volume = {9},
   Pages = {225-235},
   Year = {1979} }

@article{keller1985,
   Author = {Keller, H. M.},
   Title = {Die hydrologische Forschung an der EAFV seit 1889},
   Journal = {Mitteilung Eidgenössische Forschungsanstalt Wald Schnee Landschaft},
   Volume = {61},
   Pages = {886–904},
   Year = {1985} }

@inproceedings{keller1989,
   Author = {Keller, H. M.},
   Title = {Seasonal characteristics of flow regime and water quality in small mountainous basins},
   BookTitle = {Conference on Headwater Control. Proceedings IUFRO and World Association of Soil and Water Conservation, Prag, Nov. 1989,},
   Volume = {1},
   Pages = {122-129},
   Year = {1989} }

@incollection{keller1991,
   Author = {Keller, H. M. and Forster, F.},
   Title = {Simulating  soil moisture  and  runoff  components  to  estimate  variability  of  streamflow  chemistry},
   BookTitle = {Hydrological Basis of Ecologically Sound Management of Soil and Groundwater (Proceedings  of  the  Vienna  Symposium, August  1991). IAHS Publ. no. 202},
   Pages = {143-151},
   Year = {1991} }

@article{lugiez1969,
   Author = {Lugiez, G. and Kasser, P. and Jensen, H.  and Guillot, P.},
   Title = {La prevision des debits du Rhin - un exemple de collaboration internationale en hydrologie; forecast of the discharge for river Rhine - an example of international cooperation in hydrology},
   Journal = {La Houille Blanche},
   Volume = {7},
   Pages = {733-746},
   Year = {1969} }

@incollection{martinec1970,
   Author = {Martinec, J.},
   Title = {Study of snowmelt runoff process in two representative watersheds with different elevation range},
   BookTitle = {Symposium on the Results of Research in Representative and Experimental Basins (Wellington, 1970), IAHS Publ. no. 96.},
   Publisher = {IAHS},
   Pages = {29-39},
   Year = {1970} }

@article{martinec1975,
   Author = {Martinec, J.},
   Title = {Snowmelt-runoff model for streamflow forecasts},
   Journal = {Nordic Hydrology},
   Volume = {6},
   Number = {3},
   Pages = {145-154},
   Year = {1975} }

@phdthesis{naef1977,
   Author = {Naef, Felix},
   Title = {Ein Vergleich von mathematischen Niederschlag-Abfluss-Modellen},
   School = {ETH Zürich},
   Year = {1977} }

@article{perret2001,
   Author = {Perret, P.},
   Title = {Beitrag zur Geschichte der Gewässerforschung in der Schweiz},
   Pages = {5},
   Year = {2001} }

@article{schaefli2015,
   Author = {Schaefli, B.},
   Title = {Projecting hydropower production under future climates: a guide for decision-makers and modelers to interpret and design climate change impact assessments},
   Journal = {WIREs Water},
   Volume = {2},
   Number = {4},
   Pages = {271–289},
   Year = {2015} }

@article{tockner2009,
   Author = {Tockner, K. and Wüest, A. and Findlay, S.},
   Title = {Aquatic Sciences celebrates its 20th anniversary},
   Journal = {Aquatic Sciences},
   Volume = {71},
   Number = {1},
   Pages = {1-2},
   Year = {2009} }

@article{westaway2000,
   Author = {Westaway, R.},
   Title = {Modelling the potential effects of climate change on the Grande Dixence hydro-electricity scheme, Switzerland},
   Journal = {Journal of the Chartered Institution of Water and Environmental Management},
   Volume = {14},
   Number = {3},
   Pages = {179-185},
   Year = {2000} }

@techreport{wisner1983,
   Author = {Wisner, P. and Jordan, J. - P.},
   Title = {Description du modèle OTTHYMO et exemples d'application. IGR no 172},
   Institution = {Ecole Polytechnique Fédérale de Lausanne, Switzerland},
   Year = {1983} }

@article{Iorgulescu1994,
	Author = {Iorgulescu, I. and Jordan, J. P.},
	Title = {Validation of TOPMODEL on a small Swiss catchment},
	Journal = {Journal of Hydrology},
	Volume = {159},
	Number = {1–4},
	Pages = {255-273},
	Year = {1994} }

@article{naef1974,
   Author = {Naef, F.},
   Title = {Zur Berechnung des Abflusses aus meteorologischen Grössen mittels mathematischer Modelle},
   Journal = {Schweizerische Bauzeitung},
   Volume = {92},
   Number = {43},
   Year = {1974} }

@article{bruschin1977,
   Author = {Bruschin, J. and North, M.},
   Title = {Projekthochwasser für Einzugsgebiete ohne Abflussbeobachtungen},
   Journal = {Schweizerische Bauzeitung},
   Volume = {95},
   Number = {25},
   Year = {1977} }